%YAML 1.1
%TAG !u! tag:unity3d.com,2011:
--- !u!1 &7111917295862210551
GameObject:
  m_ObjectHideFlags: 0
  m_CorrespondingSourceObject: {fileID: 0}
  m_PrefabInstance: {fileID: 0}
  m_PrefabAsset: {fileID: 0}
  serializedVersion: 6
  m_Component:
  - component: {fileID: 7111917295862210547}
  - component: {fileID: 7111917295862210546}
  - component: {fileID: 7111917295862210545}
  - component: {fileID: 7111917295862210544}
  m_Layer: 0
  m_Name: Woodbridge
  m_TagString: Untagged
  m_Icon: {fileID: 0}
  m_NavMeshLayer: 0
  m_StaticEditorFlags: 0
  m_IsActive: 1
--- !u!4 &7111917295862210547
Transform:
  m_ObjectHideFlags: 0
  m_CorrespondingSourceObject: {fileID: 0}
  m_PrefabInstance: {fileID: 0}
  m_PrefabAsset: {fileID: 0}
  m_GameObject: {fileID: 7111917295862210551}
  m_LocalRotation: {x: -0, y: -0.9791077, z: 0, w: -0.20334268}
  m_LocalPosition: {x: 95.62, y: 4.234, z: 100.446}
  m_LocalScale: {x: 4.7523, y: 1, z: 2.1817}
  m_ConstrainProportionsScale: 0
  m_Children:
  - {fileID: 7293617412445820985}
  m_Father: {fileID: 0}
  m_RootOrder: 0
  m_LocalEulerAnglesHint: {x: 0, y: -203.465, z: 0}
--- !u!33 &7111917295862210546
MeshFilter:
  m_ObjectHideFlags: 0
  m_CorrespondingSourceObject: {fileID: 0}
  m_PrefabInstance: {fileID: 0}
  m_PrefabAsset: {fileID: 0}
  m_GameObject: {fileID: 7111917295862210551}
  m_Mesh: {fileID: 10202, guid: 0000000000000000e000000000000000, type: 0}
--- !u!23 &7111917295862210545
MeshRenderer:
  m_ObjectHideFlags: 0
  m_CorrespondingSourceObject: {fileID: 0}
  m_PrefabInstance: {fileID: 0}
  m_PrefabAsset: {fileID: 0}
  m_GameObject: {fileID: 7111917295862210551}
  m_Enabled: 0
  m_CastShadows: 1
  m_ReceiveShadows: 1
  m_DynamicOccludee: 1
  m_StaticShadowCaster: 0
  m_MotionVectors: 1
  m_LightProbeUsage: 1
  m_ReflectionProbeUsage: 1
  m_RayTracingMode: 2
  m_RayTraceProcedural: 0
  m_RenderingLayerMask: 1
  m_RendererPriority: 0
  m_Materials:
  - {fileID: 2100000, guid: 31321ba15b8f8eb4c954353edc038b1d, type: 2}
  m_StaticBatchInfo:
    firstSubMesh: 0
    subMeshCount: 0
  m_StaticBatchRoot: {fileID: 0}
  m_ProbeAnchor: {fileID: 0}
  m_LightProbeVolumeOverride: {fileID: 0}
  m_ScaleInLightmap: 1
  m_ReceiveGI: 1
  m_PreserveUVs: 0
  m_IgnoreNormalsForChartDetection: 0
  m_ImportantGI: 0
  m_StitchLightmapSeams: 1
  m_SelectedEditorRenderState: 3
  m_MinimumChartSize: 4
  m_AutoUVMaxDistance: 0.5
  m_AutoUVMaxAngle: 89
  m_LightmapParameters: {fileID: 0}
  m_SortingLayerID: 0
  m_SortingLayer: 0
  m_SortingOrder: 0
  m_AdditionalVertexStreams: {fileID: 0}
--- !u!65 &7111917295862210544
BoxCollider:
  m_ObjectHideFlags: 0
  m_CorrespondingSourceObject: {fileID: 0}
  m_PrefabInstance: {fileID: 0}
  m_PrefabAsset: {fileID: 0}
  m_GameObject: {fileID: 7111917295862210551}
  m_Material: {fileID: 0}
  m_IsTrigger: 0
  m_Enabled: 1
  serializedVersion: 2
  m_Size: {x: 1.1158816, y: 1, z: 0.8064799}
  m_Center: {x: 0.057941392, y: 0, z: 0.09676069}
--- !u!1001 &7111917296650731474
PrefabInstance:
  m_ObjectHideFlags: 0
  serializedVersion: 2
  m_Modification:
    m_TransformParent: {fileID: 7111917295862210547}
    m_Modifications:
    - target: {fileID: -8679921383154817045, guid: 2180689a48af2424ea573cbd568bef8c, type: 3}
      propertyPath: m_RootOrder
      value: 0
      objectReference: {fileID: 0}
    - target: {fileID: -8679921383154817045, guid: 2180689a48af2424ea573cbd568bef8c, type: 3}
      propertyPath: m_LocalScale.x
      value: 0.21042438
      objectReference: {fileID: 0}
    - target: {fileID: -8679921383154817045, guid: 2180689a48af2424ea573cbd568bef8c, type: 3}
      propertyPath: m_LocalScale.z
      value: 0.45835802
      objectReference: {fileID: 0}
    - target: {fileID: -8679921383154817045, guid: 2180689a48af2424ea573cbd568bef8c, type: 3}
      propertyPath: m_LocalPosition.x
      value: 0.051707372
      objectReference: {fileID: 0}
    - target: {fileID: -8679921383154817045, guid: 2180689a48af2424ea573cbd568bef8c, type: 3}
      propertyPath: m_LocalPosition.y
      value: 0.3959999
      objectReference: {fileID: 0}
    - target: {fileID: -8679921383154817045, guid: 2180689a48af2424ea573cbd568bef8c, type: 3}
      propertyPath: m_LocalPosition.z
      value: -0.08586699
      objectReference: {fileID: 0}
    - target: {fileID: -8679921383154817045, guid: 2180689a48af2424ea573cbd568bef8c, type: 3}
      propertyPath: m_LocalRotation.w
      value: 1
      objectReference: {fileID: 0}
    - target: {fileID: -8679921383154817045, guid: 2180689a48af2424ea573cbd568bef8c, type: 3}
      propertyPath: m_LocalRotation.x
      value: -0
      objectReference: {fileID: 0}
    - target: {fileID: -8679921383154817045, guid: 2180689a48af2424ea573cbd568bef8c, type: 3}
      propertyPath: m_LocalRotation.y
      value: -0.0000040084124
      objectReference: {fileID: 0}
    - target: {fileID: -8679921383154817045, guid: 2180689a48af2424ea573cbd568bef8c, type: 3}
      propertyPath: m_LocalRotation.z
      value: -0
      objectReference: {fileID: 0}
    - target: {fileID: -8679921383154817045, guid: 2180689a48af2424ea573cbd568bef8c, type: 3}
      propertyPath: m_LocalEulerAnglesHint.x
      value: 0
      objectReference: {fileID: 0}
    - target: {fileID: -8679921383154817045, guid: 2180689a48af2424ea573cbd568bef8c, type: 3}
      propertyPath: m_LocalEulerAnglesHint.y
      value: -203.465
      objectReference: {fileID: 0}
    - target: {fileID: -8679921383154817045, guid: 2180689a48af2424ea573cbd568bef8c, type: 3}
      propertyPath: m_LocalEulerAnglesHint.z
      value: 0
      objectReference: {fileID: 0}
    - target: {fileID: 919132149155446097, guid: 2180689a48af2424ea573cbd568bef8c, type: 3}
      propertyPath: m_Name
      value: wood1
      objectReference: {fileID: 0}
    m_RemovedComponents: []
  m_SourcePrefab: {fileID: 100100000, guid: 2180689a48af2424ea573cbd568bef8c, type: 3}
--- !u!4 &7293617412445820985 stripped
Transform:
  m_CorrespondingSourceObject: {fileID: -8679921383154817045, guid: 2180689a48af2424ea573cbd568bef8c, type: 3}
  m_PrefabInstance: {fileID: 7111917296650731474}
  m_PrefabAsset: {fileID: 0}
