%YAML 1.1
%TAG !u! tag:unity3d.com,2011:
--- !u!29 &1
OcclusionCullingSettings:
  m_ObjectHideFlags: 0
  serializedVersion: 2
  m_OcclusionBakeSettings:
    smallestOccluder: 5
    smallestHole: 0.25
    backfaceThreshold: 100
  m_SceneGUID: 00000000000000000000000000000000
  m_OcclusionCullingData: {fileID: 0}
--- !u!104 &2
RenderSettings:
  m_ObjectHideFlags: 0
  serializedVersion: 9
  m_Fog: 1
  m_FogColor: {r: 0.7328231, g: 0.8565497, b: 0.8679245, a: 1}
  m_FogMode: 3
  m_FogDensity: 0.01
  m_LinearFogStart: 0
  m_LinearFogEnd: 300
  m_AmbientSkyColor: {r: 0.4719206, g: 0.751875, b: 0.9528302, a: 1}
  m_AmbientEquatorColor: {r: 0.44624424, g: 0.67850447, b: 0.8679245, a: 1}
  m_AmbientGroundColor: {r: 0.28920433, g: 0.34891948, b: 0.6320754, a: 1}
  m_AmbientIntensity: 1
  m_AmbientMode: 1
  m_SubtractiveShadowColor: {r: 0.5518868, g: 0.8660384, b: 1, a: 1}
  m_SkyboxMaterial: {fileID: 2100000, guid: eb160a781ba04475f812637a8643ac68, type: 2}
  m_HaloStrength: 0.5
  m_FlareStrength: 1
  m_FlareFadeSpeed: 3
  m_HaloTexture: {fileID: 0}
  m_SpotCookie: {fileID: 10001, guid: 0000000000000000e000000000000000, type: 0}
  m_DefaultReflectionMode: 0
  m_DefaultReflectionResolution: 128
  m_ReflectionBounces: 2
  m_ReflectionIntensity: 1
  m_CustomReflection: {fileID: 0}
  m_Sun: {fileID: 0}
  m_IndirectSpecularColor: {r: 0.21325266, g: 0.47469425, b: 0.63714594, a: 1}
  m_UseRadianceAmbientProbe: 0
--- !u!157 &3
LightmapSettings:
  m_ObjectHideFlags: 0
  serializedVersion: 12
  m_GIWorkflowMode: 1
  m_GISettings:
    serializedVersion: 2
    m_BounceScale: 1
    m_IndirectOutputScale: 1
    m_AlbedoBoost: 1
    m_EnvironmentLightingMode: 0
    m_EnableBakedLightmaps: 1
    m_EnableRealtimeLightmaps: 0
  m_LightmapEditorSettings:
    serializedVersion: 12
    m_Resolution: 2
    m_BakeResolution: 40
    m_AtlasSize: 1024
    m_AO: 0
    m_AOMaxDistance: 1
    m_CompAOExponent: 1
    m_CompAOExponentDirect: 0
    m_ExtractAmbientOcclusion: 0
    m_Padding: 2
    m_LightmapParameters: {fileID: 0}
    m_LightmapsBakeMode: 1
    m_TextureCompression: 1
    m_FinalGather: 0
    m_FinalGatherFiltering: 1
    m_FinalGatherRayCount: 256
    m_ReflectionCompression: 2
    m_MixedBakeMode: 2
    m_BakeBackend: 1
    m_PVRSampling: 1
    m_PVRDirectSampleCount: 32
    m_PVRSampleCount: 512
    m_PVRBounces: 2
    m_PVREnvironmentSampleCount: 256
    m_PVREnvironmentReferencePointCount: 2048
    m_PVRFilteringMode: 1
    m_PVRDenoiserTypeDirect: 1
    m_PVRDenoiserTypeIndirect: 1
    m_PVRDenoiserTypeAO: 1
    m_PVRFilterTypeDirect: 0
    m_PVRFilterTypeIndirect: 0
    m_PVRFilterTypeAO: 0
    m_PVREnvironmentMIS: 1
    m_PVRCulling: 1
    m_PVRFilteringGaussRadiusDirect: 1
    m_PVRFilteringGaussRadiusIndirect: 5
    m_PVRFilteringGaussRadiusAO: 2
    m_PVRFilteringAtrousPositionSigmaDirect: 0.5
    m_PVRFilteringAtrousPositionSigmaIndirect: 2
    m_PVRFilteringAtrousPositionSigmaAO: 1
    m_ExportTrainingData: 0
    m_TrainingDataDestination: TrainingData
    m_LightProbeSampleCountMultiplier: 4
  m_LightingDataAsset: {fileID: 112000000, guid: 66f3a72d0ff1c4934908c28405aeb246, type: 2}
  m_LightingSettings: {fileID: 4890085278179872738, guid: caa9fa67b7b744eaba2fc8cb9b46aab1, type: 2}
--- !u!196 &4
NavMeshSettings:
  serializedVersion: 2
  m_ObjectHideFlags: 0
  m_BuildSettings:
    serializedVersion: 2
    agentTypeID: 0
    agentRadius: 0.5
    agentHeight: 2
    agentSlope: 45
    agentClimb: 0.4
    ledgeDropHeight: 0
    maxJumpAcrossDistance: 0
    minRegionArea: 2
    manualCellSize: 0
    cellSize: 0.16666667
    manualTileSize: 0
    tileSize: 256
    accuratePlacement: 0
    maxJobWorkers: 0
    preserveTilesOutsideBounds: 0
    debug:
      m_Flags: 0
  m_NavMeshData: {fileID: 23800000, guid: 0bec03544d0f94141afddf3a36ae6911, type: 2}
--- !u!1 &159847389
GameObject:
  m_ObjectHideFlags: 0
  m_CorrespondingSourceObject: {fileID: 0}
  m_PrefabInstance: {fileID: 0}
  m_PrefabAsset: {fileID: 0}
  serializedVersion: 6
  m_Component:
  - component: {fileID: 159847390}
  - component: {fileID: 159847391}
  m_Layer: 0
  m_Name: RainbowHierarchyRuleset
  m_TagString: EditorOnly
  m_Icon: {fileID: 0}
  m_NavMeshLayer: 0
  m_StaticEditorFlags: 0
  m_IsActive: 1
--- !u!4 &159847390
Transform:
  m_ObjectHideFlags: 0
  m_CorrespondingSourceObject: {fileID: 0}
  m_PrefabInstance: {fileID: 0}
  m_PrefabAsset: {fileID: 0}
  m_GameObject: {fileID: 159847389}
  m_LocalRotation: {x: -0, y: -0, z: -0, w: 1}
  m_LocalPosition: {x: 0, y: 0, z: 0}
  m_LocalScale: {x: 1, y: 1, z: 1}
  m_ConstrainProportionsScale: 0
  m_Children: []
  m_Father: {fileID: 1503581066}
  m_RootOrder: 0
  m_LocalEulerAnglesHint: {x: 0, y: 0, z: 0}
--- !u!114 &159847391
MonoBehaviour:
  m_ObjectHideFlags: 0
  m_CorrespondingSourceObject: {fileID: 0}
  m_PrefabInstance: {fileID: 0}
  m_PrefabAsset: {fileID: 0}
  m_GameObject: {fileID: 159847389}
  m_Enabled: 1
  m_EditorHideFlags: 0
  m_Script: {fileID: 366663908, guid: ebe26e22332665d4c8332b2a624e5e8b, type: 3}
  m_Name: 
  m_EditorClassIdentifier: 
  Rules:
  - Type: 0
    Name: 
    GameObject: {fileID: 0}
    Ordinal: 0
    Priority: 0
    IconType: 1030
    IconTexture: {fileID: 0}
    IsIconRecursive: 0
    BackgroundType: 50
    BackgroundTexture: {fileID: 0}
    IsBackgroundRecursive: 0
    IsHidden: 0
  - Type: 0
    Name: 
    GameObject: {fileID: 0}
    Ordinal: 1
    Priority: 0
    IconType: 1030
    IconTexture: {fileID: 0}
    IsIconRecursive: 0
    BackgroundType: 50
    BackgroundTexture: {fileID: 0}
    IsBackgroundRecursive: 0
    IsHidden: 0
  - Type: 0
    Name: 
    GameObject: {fileID: 0}
    Ordinal: 2
    Priority: 0
    IconType: 1030
    IconTexture: {fileID: 0}
    IsIconRecursive: 0
    BackgroundType: 50
    BackgroundTexture: {fileID: 0}
    IsBackgroundRecursive: 0
    IsHidden: 0
  - Type: 0
    Name: 
    GameObject: {fileID: 0}
    Ordinal: 3
    Priority: 0
    IconType: 1030
    IconTexture: {fileID: 0}
    IsIconRecursive: 0
    BackgroundType: 50
    BackgroundTexture: {fileID: 0}
    IsBackgroundRecursive: 0
    IsHidden: 0
  - Type: 0
    Name: 
    GameObject: {fileID: 0}
    Ordinal: 4
    Priority: 0
    IconType: 1030
    IconTexture: {fileID: 0}
    IsIconRecursive: 0
    BackgroundType: 50
    BackgroundTexture: {fileID: 0}
    IsBackgroundRecursive: 0
    IsHidden: 0
  - Type: 0
    Name: 
    GameObject: {fileID: 1503581065}
    Ordinal: 5
    Priority: 0
    IconType: 1030
    IconTexture: {fileID: 0}
    IsIconRecursive: 0
    BackgroundType: 50
    BackgroundTexture: {fileID: 0}
    IsBackgroundRecursive: 0
    IsHidden: 0
  - Type: 0
    Name: 
    GameObject: {fileID: 0}
    Ordinal: 6
    Priority: 0
    IconType: 1030
    IconTexture: {fileID: 0}
    IsIconRecursive: 0
    BackgroundType: 210
    BackgroundTexture: {fileID: 0}
    IsBackgroundRecursive: 0
    IsHidden: 0
  - Type: 0
    Name: 
    GameObject: {fileID: 0}
    Ordinal: 7
    Priority: 0
    IconType: 1030
    IconTexture: {fileID: 0}
    IsIconRecursive: 0
    BackgroundType: 50
    BackgroundTexture: {fileID: 0}
    IsBackgroundRecursive: 0
    IsHidden: 0
  - Type: 0
    Name: 
    GameObject: {fileID: 0}
    Ordinal: 8
    Priority: 0
    IconType: 1030
    IconTexture: {fileID: 0}
    IsIconRecursive: 0
    BackgroundType: 240
    BackgroundTexture: {fileID: 0}
    IsBackgroundRecursive: 0
    IsHidden: 0
  - Type: 0
    Name: 
    GameObject: {fileID: 0}
    Ordinal: 9
    Priority: 0
    IconType: 1030
    IconTexture: {fileID: 0}
    IsIconRecursive: 0
    BackgroundType: 230
    BackgroundTexture: {fileID: 0}
    IsBackgroundRecursive: 0
    IsHidden: 0
  - Type: 0
    Name: 
    GameObject: {fileID: 0}
    Ordinal: 10
    Priority: 0
    IconType: 1030
    IconTexture: {fileID: 0}
    IsIconRecursive: 0
    BackgroundType: 50
    BackgroundTexture: {fileID: 0}
    IsBackgroundRecursive: 0
    IsHidden: 0
  - Type: 0
    Name: 
    GameObject: {fileID: 914647768}
    Ordinal: 11
    Priority: 0
    IconType: 1030
    IconTexture: {fileID: 0}
    IsIconRecursive: 0
    BackgroundType: 210
    BackgroundTexture: {fileID: 0}
    IsBackgroundRecursive: 0
    IsHidden: 0
  - Type: 0
    Name: 
    GameObject: {fileID: 0}
    Ordinal: 12
    Priority: 0
    IconType: 1030
    IconTexture: {fileID: 0}
    IsIconRecursive: 0
    BackgroundType: 100
    BackgroundTexture: {fileID: 0}
    IsBackgroundRecursive: 0
    IsHidden: 0
--- !u!1 &275139566
GameObject:
  m_ObjectHideFlags: 0
  m_CorrespondingSourceObject: {fileID: 0}
  m_PrefabInstance: {fileID: 0}
  m_PrefabAsset: {fileID: 0}
  serializedVersion: 6
  m_Component:
  - component: {fileID: 275139568}
  - component: {fileID: 275139567}
  m_Layer: 0
  m_Name: SCENE MANAGER
  m_TagString: Untagged
  m_Icon: {fileID: 0}
  m_NavMeshLayer: 0
  m_StaticEditorFlags: 0
  m_IsActive: 1
--- !u!114 &275139567
MonoBehaviour:
  m_ObjectHideFlags: 0
  m_CorrespondingSourceObject: {fileID: 0}
  m_PrefabInstance: {fileID: 0}
  m_PrefabAsset: {fileID: 0}
  m_GameObject: {fileID: 275139566}
  m_Enabled: 1
  m_EditorHideFlags: 0
  m_Script: {fileID: 11500000, guid: 75864c89b9a3845b7bf50ae7a07c0d26, type: 3}
  m_Name: 
  m_EditorClassIdentifier: 
--- !u!4 &275139568
Transform:
  m_ObjectHideFlags: 0
  m_CorrespondingSourceObject: {fileID: 0}
  m_PrefabInstance: {fileID: 0}
  m_PrefabAsset: {fileID: 0}
  m_GameObject: {fileID: 275139566}
  m_LocalRotation: {x: 0, y: 0, z: 0, w: 1}
  m_LocalPosition: {x: 0, y: 0, z: 0}
  m_LocalScale: {x: 1, y: 1, z: 1}
  m_ConstrainProportionsScale: 0
  m_Children: []
  m_Father: {fileID: 0}
  m_RootOrder: 5
  m_LocalEulerAnglesHint: {x: 0, y: 0, z: 0}
--- !u!1001 &755413348
PrefabInstance:
  m_ObjectHideFlags: 0
  serializedVersion: 2
  m_Modification:
    m_TransformParent: {fileID: 0}
    m_Modifications:
    - target: {fileID: 690665477386354816, guid: 3594a823ff93049baa9eab8db4612a0c, type: 3}
      propertyPath: m_RootOrder
      value: 1
      objectReference: {fileID: 0}
    - target: {fileID: 690665477386354816, guid: 3594a823ff93049baa9eab8db4612a0c, type: 3}
      propertyPath: m_LocalPosition.x
      value: -2.9923725
      objectReference: {fileID: 0}
    - target: {fileID: 690665477386354816, guid: 3594a823ff93049baa9eab8db4612a0c, type: 3}
      propertyPath: m_LocalPosition.y
      value: 0.392
      objectReference: {fileID: 0}
    - target: {fileID: 690665477386354816, guid: 3594a823ff93049baa9eab8db4612a0c, type: 3}
      propertyPath: m_LocalPosition.z
      value: -1.7003646
      objectReference: {fileID: 0}
    - target: {fileID: 690665477386354816, guid: 3594a823ff93049baa9eab8db4612a0c, type: 3}
      propertyPath: m_LocalRotation.w
      value: 1
      objectReference: {fileID: 0}
    - target: {fileID: 690665477386354816, guid: 3594a823ff93049baa9eab8db4612a0c, type: 3}
      propertyPath: m_LocalRotation.x
      value: 0
      objectReference: {fileID: 0}
    - target: {fileID: 690665477386354816, guid: 3594a823ff93049baa9eab8db4612a0c, type: 3}
      propertyPath: m_LocalRotation.y
      value: 0
      objectReference: {fileID: 0}
    - target: {fileID: 690665477386354816, guid: 3594a823ff93049baa9eab8db4612a0c, type: 3}
      propertyPath: m_LocalRotation.z
      value: 0
      objectReference: {fileID: 0}
    - target: {fileID: 690665477386354816, guid: 3594a823ff93049baa9eab8db4612a0c, type: 3}
      propertyPath: m_LocalEulerAnglesHint.x
      value: 0
      objectReference: {fileID: 0}
    - target: {fileID: 690665477386354816, guid: 3594a823ff93049baa9eab8db4612a0c, type: 3}
      propertyPath: m_LocalEulerAnglesHint.y
      value: 0
      objectReference: {fileID: 0}
    - target: {fileID: 690665477386354816, guid: 3594a823ff93049baa9eab8db4612a0c, type: 3}
      propertyPath: m_LocalEulerAnglesHint.z
      value: 0
      objectReference: {fileID: 0}
    - target: {fileID: 2095914942990207506, guid: 3594a823ff93049baa9eab8db4612a0c, type: 3}
      propertyPath: m_Name
      value: TeaRed
      objectReference: {fileID: 0}
    m_RemovedComponents: []
  m_SourcePrefab: {fileID: 100100000, guid: 3594a823ff93049baa9eab8db4612a0c, type: 3}
--- !u!1 &869271604
GameObject:
  m_ObjectHideFlags: 19
  m_CorrespondingSourceObject: {fileID: 0}
  m_PrefabInstance: {fileID: 0}
  m_PrefabAsset: {fileID: 0}
  serializedVersion: 6
  m_Component:
  - component: {fileID: 869271606}
  - component: {fileID: 869271605}
  m_Layer: 0
  m_Name: PrefabPainterSceneSettings
  m_TagString: Untagged
  m_Icon: {fileID: 0}
  m_NavMeshLayer: 0
  m_StaticEditorFlags: 0
  m_IsActive: 1
--- !u!114 &869271605
MonoBehaviour:
  m_ObjectHideFlags: 19
  m_CorrespondingSourceObject: {fileID: 0}
  m_PrefabInstance: {fileID: 0}
  m_PrefabAsset: {fileID: 0}
  m_GameObject: {fileID: 869271604}
  m_Enabled: 1
  m_EditorHideFlags: 0
  m_Script: {fileID: 11500000, guid: 5d0d71238b38a4a38b35b955fbf5c019, type: 3}
  m_Name: 
  m_EditorClassIdentifier: 
  parentForPrefabs: {fileID: 0}
--- !u!4 &869271606
Transform:
  m_ObjectHideFlags: 19
  m_CorrespondingSourceObject: {fileID: 0}
  m_PrefabInstance: {fileID: 0}
  m_PrefabAsset: {fileID: 0}
  m_GameObject: {fileID: 869271604}
  m_LocalRotation: {x: 0, y: 0, z: 0, w: 1}
  m_LocalPosition: {x: 0, y: 0, z: 0}
  m_LocalScale: {x: 1, y: 1, z: 1}
  m_ConstrainProportionsScale: 0
  m_Children: []
  m_Father: {fileID: 0}
  m_RootOrder: 3
  m_LocalEulerAnglesHint: {x: 0, y: 0, z: 0}
--- !u!1 &914647768
GameObject:
  m_ObjectHideFlags: 0
  m_CorrespondingSourceObject: {fileID: 0}
  m_PrefabInstance: {fileID: 0}
  m_PrefabAsset: {fileID: 0}
  serializedVersion: 6
  m_Component:
  - component: {fileID: 914647769}
  m_Layer: 0
  m_Name: ====INVENTORY====
  m_TagString: Untagged
  m_Icon: {fileID: 0}
  m_NavMeshLayer: 0
  m_StaticEditorFlags: 0
  m_IsActive: 1
--- !u!4 &914647769
Transform:
  m_ObjectHideFlags: 0
  m_CorrespondingSourceObject: {fileID: 0}
  m_PrefabInstance: {fileID: 0}
  m_PrefabAsset: {fileID: 0}
  m_GameObject: {fileID: 914647768}
  m_LocalRotation: {x: 0, y: 0, z: 0, w: 1}
  m_LocalPosition: {x: 99.95047, y: 1.447, z: 106.661}
  m_LocalScale: {x: 1, y: 1, z: 1}
  m_ConstrainProportionsScale: 0
  m_Children: []
  m_Father: {fileID: 0}
  m_RootOrder: 0
  m_LocalEulerAnglesHint: {x: 0, y: 0, z: 0}
--- !u!1001 &1263302147
PrefabInstance:
  m_ObjectHideFlags: 0
  serializedVersion: 2
  m_Modification:
    m_TransformParent: {fileID: 0}
    m_Modifications:
    - target: {fileID: 5402208101901412590, guid: 5b965b093f40d429abbc362ae2f516c6, type: 3}
      propertyPath: m_Name
      value: Scene BGM
      objectReference: {fileID: 0}
    - target: {fileID: 5402208101901412592, guid: 5b965b093f40d429abbc362ae2f516c6, type: 3}
      propertyPath: m_RootOrder
      value: 7
      objectReference: {fileID: 0}
    - target: {fileID: 5402208101901412592, guid: 5b965b093f40d429abbc362ae2f516c6, type: 3}
      propertyPath: m_LocalPosition.x
      value: 0
      objectReference: {fileID: 0}
    - target: {fileID: 5402208101901412592, guid: 5b965b093f40d429abbc362ae2f516c6, type: 3}
      propertyPath: m_LocalPosition.y
      value: 0
      objectReference: {fileID: 0}
    - target: {fileID: 5402208101901412592, guid: 5b965b093f40d429abbc362ae2f516c6, type: 3}
      propertyPath: m_LocalPosition.z
      value: 0
      objectReference: {fileID: 0}
    - target: {fileID: 5402208101901412592, guid: 5b965b093f40d429abbc362ae2f516c6, type: 3}
      propertyPath: m_LocalRotation.w
      value: 1
      objectReference: {fileID: 0}
    - target: {fileID: 5402208101901412592, guid: 5b965b093f40d429abbc362ae2f516c6, type: 3}
      propertyPath: m_LocalRotation.x
      value: 0
      objectReference: {fileID: 0}
    - target: {fileID: 5402208101901412592, guid: 5b965b093f40d429abbc362ae2f516c6, type: 3}
      propertyPath: m_LocalRotation.y
      value: 0
      objectReference: {fileID: 0}
    - target: {fileID: 5402208101901412592, guid: 5b965b093f40d429abbc362ae2f516c6, type: 3}
      propertyPath: m_LocalRotation.z
      value: 0
      objectReference: {fileID: 0}
    - target: {fileID: 5402208101901412592, guid: 5b965b093f40d429abbc362ae2f516c6, type: 3}
      propertyPath: m_LocalEulerAnglesHint.x
      value: 0
      objectReference: {fileID: 0}
    - target: {fileID: 5402208101901412592, guid: 5b965b093f40d429abbc362ae2f516c6, type: 3}
      propertyPath: m_LocalEulerAnglesHint.y
      value: 0
      objectReference: {fileID: 0}
    - target: {fileID: 5402208101901412592, guid: 5b965b093f40d429abbc362ae2f516c6, type: 3}
      propertyPath: m_LocalEulerAnglesHint.z
      value: 0
      objectReference: {fileID: 0}
    - target: {fileID: 5402208101901412593, guid: 5b965b093f40d429abbc362ae2f516c6, type: 3}
      propertyPath: m_audioClip
      value: 
      objectReference: {fileID: 8300000, guid: dc90293a7ab7c48578bbc3a0f1ef2c45, type: 3}
    m_RemovedComponents: []
  m_SourcePrefab: {fileID: 100100000, guid: 5b965b093f40d429abbc362ae2f516c6, type: 3}
--- !u!1001 &1332055605
PrefabInstance:
  m_ObjectHideFlags: 0
  serializedVersion: 2
  m_Modification:
    m_TransformParent: {fileID: 0}
    m_Modifications:
    - target: {fileID: 138619000488585424, guid: fe6ad71bcc5d443bf879f98bde228346, type: 3}
      propertyPath: m_Name
      value: invisible wall (1)
      objectReference: {fileID: 0}
    - target: {fileID: 2747990535215234928, guid: fe6ad71bcc5d443bf879f98bde228346, type: 3}
      propertyPath: m_RootOrder
      value: 8
      objectReference: {fileID: 0}
    - target: {fileID: 2747990535215234928, guid: fe6ad71bcc5d443bf879f98bde228346, type: 3}
      propertyPath: m_LocalScale.x
      value: 1
      objectReference: {fileID: 0}
    - target: {fileID: 2747990535215234928, guid: fe6ad71bcc5d443bf879f98bde228346, type: 3}
      propertyPath: m_LocalScale.y
      value: 1
      objectReference: {fileID: 0}
    - target: {fileID: 2747990535215234928, guid: fe6ad71bcc5d443bf879f98bde228346, type: 3}
      propertyPath: m_LocalPosition.x
      value: 0
      objectReference: {fileID: 0}
    - target: {fileID: 2747990535215234928, guid: fe6ad71bcc5d443bf879f98bde228346, type: 3}
      propertyPath: m_LocalPosition.y
      value: 0.45
      objectReference: {fileID: 0}
    - target: {fileID: 2747990535215234928, guid: fe6ad71bcc5d443bf879f98bde228346, type: 3}
      propertyPath: m_LocalPosition.z
      value: 0
      objectReference: {fileID: 0}
    - target: {fileID: 2747990535215234928, guid: fe6ad71bcc5d443bf879f98bde228346, type: 3}
      propertyPath: m_LocalRotation.w
      value: 1
      objectReference: {fileID: 0}
    - target: {fileID: 2747990535215234928, guid: fe6ad71bcc5d443bf879f98bde228346, type: 3}
      propertyPath: m_LocalRotation.x
      value: -0
      objectReference: {fileID: 0}
    - target: {fileID: 2747990535215234928, guid: fe6ad71bcc5d443bf879f98bde228346, type: 3}
      propertyPath: m_LocalRotation.y
      value: -0
      objectReference: {fileID: 0}
    - target: {fileID: 2747990535215234928, guid: fe6ad71bcc5d443bf879f98bde228346, type: 3}
      propertyPath: m_LocalRotation.z
      value: -0
      objectReference: {fileID: 0}
    - target: {fileID: 2747990535215234928, guid: fe6ad71bcc5d443bf879f98bde228346, type: 3}
      propertyPath: m_LocalEulerAnglesHint.x
      value: 0
      objectReference: {fileID: 0}
    - target: {fileID: 2747990535215234928, guid: fe6ad71bcc5d443bf879f98bde228346, type: 3}
      propertyPath: m_LocalEulerAnglesHint.y
      value: 0
      objectReference: {fileID: 0}
    - target: {fileID: 2747990535215234928, guid: fe6ad71bcc5d443bf879f98bde228346, type: 3}
      propertyPath: m_LocalEulerAnglesHint.z
      value: 0
      objectReference: {fileID: 0}
    m_RemovedComponents: []
  m_SourcePrefab: {fileID: 100100000, guid: fe6ad71bcc5d443bf879f98bde228346, type: 3}
--- !u!1 &1379425628
GameObject:
  m_ObjectHideFlags: 0
  m_CorrespondingSourceObject: {fileID: 0}
  m_PrefabInstance: {fileID: 0}
  m_PrefabAsset: {fileID: 0}
  serializedVersion: 6
  m_Component:
  - component: {fileID: 1379425632}
  - component: {fileID: 1379425631}
  - component: {fileID: 1379425630}
  - component: {fileID: 1379425629}
  m_Layer: 0
  m_Name: Plane
  m_TagString: Untagged
  m_Icon: {fileID: 0}
  m_NavMeshLayer: 0
  m_StaticEditorFlags: 0
  m_IsActive: 1
--- !u!64 &1379425629
MeshCollider:
  m_ObjectHideFlags: 0
  m_CorrespondingSourceObject: {fileID: 0}
  m_PrefabInstance: {fileID: 0}
  m_PrefabAsset: {fileID: 0}
  m_GameObject: {fileID: 1379425628}
  m_Material: {fileID: 0}
  m_IsTrigger: 0
  m_Enabled: 1
  serializedVersion: 4
  m_Convex: 0
  m_CookingOptions: 30
  m_Mesh: {fileID: 10209, guid: 0000000000000000e000000000000000, type: 0}
--- !u!23 &1379425630
MeshRenderer:
  m_ObjectHideFlags: 0
  m_CorrespondingSourceObject: {fileID: 0}
  m_PrefabInstance: {fileID: 0}
  m_PrefabAsset: {fileID: 0}
  m_GameObject: {fileID: 1379425628}
  m_Enabled: 1
  m_CastShadows: 1
  m_ReceiveShadows: 1
  m_DynamicOccludee: 1
  m_StaticShadowCaster: 0
  m_MotionVectors: 1
  m_LightProbeUsage: 1
  m_ReflectionProbeUsage: 1
  m_RayTracingMode: 2
  m_RayTraceProcedural: 0
  m_RenderingLayerMask: 1
  m_RendererPriority: 0
  m_Materials:
  - {fileID: 2100000, guid: 31321ba15b8f8eb4c954353edc038b1d, type: 2}
  m_StaticBatchInfo:
    firstSubMesh: 0
    subMeshCount: 0
  m_StaticBatchRoot: {fileID: 0}
  m_ProbeAnchor: {fileID: 0}
  m_LightProbeVolumeOverride: {fileID: 0}
  m_ScaleInLightmap: 1
  m_ReceiveGI: 1
  m_PreserveUVs: 0
  m_IgnoreNormalsForChartDetection: 0
  m_ImportantGI: 0
  m_StitchLightmapSeams: 1
  m_SelectedEditorRenderState: 3
  m_MinimumChartSize: 4
  m_AutoUVMaxDistance: 0.5
  m_AutoUVMaxAngle: 89
  m_LightmapParameters: {fileID: 0}
  m_SortingLayerID: 0
  m_SortingLayer: 0
  m_SortingOrder: 0
  m_AdditionalVertexStreams: {fileID: 0}
--- !u!33 &1379425631
MeshFilter:
  m_ObjectHideFlags: 0
  m_CorrespondingSourceObject: {fileID: 0}
  m_PrefabInstance: {fileID: 0}
  m_PrefabAsset: {fileID: 0}
  m_GameObject: {fileID: 1379425628}
  m_Mesh: {fileID: 10209, guid: 0000000000000000e000000000000000, type: 0}
--- !u!4 &1379425632
Transform:
  m_ObjectHideFlags: 0
  m_CorrespondingSourceObject: {fileID: 0}
  m_PrefabInstance: {fileID: 0}
  m_PrefabAsset: {fileID: 0}
  m_GameObject: {fileID: 1379425628}
  m_LocalRotation: {x: 0, y: 0, z: 0, w: 1}
  m_LocalPosition: {x: 0, y: 0, z: 0}
  m_LocalScale: {x: 1, y: 1, z: 1}
  m_ConstrainProportionsScale: 0
  m_Children: []
  m_Father: {fileID: 0}
  m_RootOrder: 6
  m_LocalEulerAnglesHint: {x: 0, y: 0, z: 0}
--- !u!1 &1503581065
GameObject:
  m_ObjectHideFlags: 0
  m_CorrespondingSourceObject: {fileID: 0}
  m_PrefabInstance: {fileID: 0}
  m_PrefabAsset: {fileID: 0}
  serializedVersion: 6
  m_Component:
  - component: {fileID: 1503581066}
  m_Layer: 0
  m_Name: ====OTHER====
  m_TagString: Untagged
  m_Icon: {fileID: 0}
  m_NavMeshLayer: 0
  m_StaticEditorFlags: 0
  m_IsActive: 1
--- !u!4 &1503581066
Transform:
  m_ObjectHideFlags: 0
  m_CorrespondingSourceObject: {fileID: 0}
  m_PrefabInstance: {fileID: 0}
  m_PrefabAsset: {fileID: 0}
  m_GameObject: {fileID: 1503581065}
  m_LocalRotation: {x: 0, y: 0, z: 0, w: 1}
  m_LocalPosition: {x: 0, y: 0, z: 0}
  m_LocalScale: {x: 1, y: 1, z: 1}
  m_ConstrainProportionsScale: 0
  m_Children:
  - {fileID: 159847390}
  m_Father: {fileID: 0}
  m_RootOrder: 4
  m_LocalEulerAnglesHint: {x: 0, y: 0, z: 0}
--- !u!1001 &1561915145
PrefabInstance:
  m_ObjectHideFlags: 0
  serializedVersion: 2
  m_Modification:
    m_TransformParent: {fileID: 0}
    m_Modifications:
    - target: {fileID: 8964309073841709181, guid: 86203e4b5eaf247c48f6679de89f5409, type: 3}
      propertyPath: m_Name
      value: Bergamotto
      objectReference: {fileID: 0}
    - target: {fileID: 8964309073841709182, guid: 86203e4b5eaf247c48f6679de89f5409, type: 3}
      propertyPath: m_RootOrder
      value: 2
      objectReference: {fileID: 0}
    - target: {fileID: 8964309073841709182, guid: 86203e4b5eaf247c48f6679de89f5409, type: 3}
      propertyPath: m_LocalPosition.x
      value: -2.0315423
      objectReference: {fileID: 0}
    - target: {fileID: 8964309073841709182, guid: 86203e4b5eaf247c48f6679de89f5409, type: 3}
      propertyPath: m_LocalPosition.y
      value: -0.00000023841858
      objectReference: {fileID: 0}
    - target: {fileID: 8964309073841709182, guid: 86203e4b5eaf247c48f6679de89f5409, type: 3}
      propertyPath: m_LocalPosition.z
      value: 2.8060956
      objectReference: {fileID: 0}
    - target: {fileID: 8964309073841709182, guid: 86203e4b5eaf247c48f6679de89f5409, type: 3}
      propertyPath: m_LocalRotation.w
      value: 1
      objectReference: {fileID: 0}
    - target: {fileID: 8964309073841709182, guid: 86203e4b5eaf247c48f6679de89f5409, type: 3}
      propertyPath: m_LocalRotation.x
      value: 0
      objectReference: {fileID: 0}
    - target: {fileID: 8964309073841709182, guid: 86203e4b5eaf247c48f6679de89f5409, type: 3}
      propertyPath: m_LocalRotation.y
      value: 0
      objectReference: {fileID: 0}
    - target: {fileID: 8964309073841709182, guid: 86203e4b5eaf247c48f6679de89f5409, type: 3}
      propertyPath: m_LocalRotation.z
      value: 0
      objectReference: {fileID: 0}
    - target: {fileID: 8964309073841709182, guid: 86203e4b5eaf247c48f6679de89f5409, type: 3}
      propertyPath: m_LocalEulerAnglesHint.x
      value: 0
      objectReference: {fileID: 0}
    - target: {fileID: 8964309073841709182, guid: 86203e4b5eaf247c48f6679de89f5409, type: 3}
      propertyPath: m_LocalEulerAnglesHint.y
      value: 0
      objectReference: {fileID: 0}
    - target: {fileID: 8964309073841709182, guid: 86203e4b5eaf247c48f6679de89f5409, type: 3}
      propertyPath: m_LocalEulerAnglesHint.z
      value: 0
      objectReference: {fileID: 0}
    m_RemovedComponents: []
  m_SourcePrefab: {fileID: 100100000, guid: 86203e4b5eaf247c48f6679de89f5409, type: 3}
